@article{giles2015multilevel,
  title={Multilevel monte carlo methods},
  author={Giles, Michael B},
  journal={Acta numerica},
  volume={24},
  pages={259--328},
  year={2015},
  publisher={Cambridge University Press}
}

% examples of SPDEs use 
@book{pardoux2021stochastic, 
  title={Stochastic partial differential equations: An introduction},
  author={Pardoux, {\'E}tienne and others},
  year={2021},
  publisher={Springer}
}

%Example of SPDEs in climate modelling
@article{alonso2020modelling,
  title={Modelling the climate and weather of a 2D Lagrangian-averaged Euler--Boussinesq equation with transport noise},
  author={Alonso-Or{\'a}n, Diego and Bethencourt de Le{\'o}n, Aythami and Holm, Darryl D and Takao, So},
  journal={Journal of Statistical Physics},
  volume={179},
  number={5},
  pages={1267--1303},
  year={2020},
  publisher={Springer}
}

%Original MLMC paper
@article{giles2008multilevel,
  title={Multilevel monte carlo path simulation},
  author={Giles, Michael B},
  journal={Operations research},
  volume={56},
  number={3},
  pages={607--617},
  year={2008},
  publisher={INFORMS}
}
